<record><leader>00000cas a22000007a 4500</leader><controlfield tag="001">9580758</controlfield><controlfield tag="008">830606d18441845nyuwr ne      0    0eng d</controlfield><datafield ind1=" " ind2=" " tag="010"><subfield code="a">sn 83030569 </subfield></datafield><datafield ind1=" " ind2=" " tag="040"><subfield code="a">NPU</subfield><subfield code="b">eng</subfield><subfield code="c">NPU</subfield><subfield code="d">OCLCQ</subfield></datafield><datafield ind1=" " ind2=" " tag="042"><subfield code="a">msc</subfield></datafield><datafield ind1="0" ind2=" " tag="130"><subfield code="a">Weekly republic (New York, N.Y. : 1844)</subfield></datafield><datafield ind1="1" ind2="4" tag="245"><subfield code="a">The Weekly republic.</subfield></datafield><datafield ind1=" " ind2=" " tag="260"><subfield code="a">New York :</subfield><subfield code="b">Henry Wikoff</subfield></datafield><datafield ind1=" " ind2=" " tag="300"><subfield code="a">v. ;</subfield><subfield code="c">63 cm.</subfield></datafield><datafield ind1=" " ind2=" " tag="310"><subfield code="a">Weekly</subfield></datafield><datafield ind1="1" ind2=" " tag="362"><subfield code="a">Began in 1844; ceased in 1845.</subfield><subfield code="z">Cf. Fox, New York City newsp.</subfield></datafield><datafield ind1=" " ind2=" " tag="500"><subfield code="a">Published on every Saturday.</subfield></datafield><datafield ind1=" " ind2=" " tag="500"><subfield code="a">Editor: John Ryan.</subfield></datafield><datafield ind1=" " ind2=" " tag="580"><subfield code="a">Also issued in daily edition called: Republic.</subfield></datafield><datafield ind1=" " ind2=" " tag="588"><subfield code="a">Description based on: Vol. 1, no. 12 (Apr. 13, 1844).</subfield></datafield><datafield ind1=" " ind2=" " tag="752"><subfield code="a">United States</subfield><subfield code="b">New York</subfield><subfield code="c">New York</subfield><subfield code="d">New York.</subfield></datafield><datafield ind1="1" ind2=" " tag="775"><subfield code="t">Republic</subfield><subfield code="c">(New York, N.Y. : 1844)</subfield><subfield code="w">(DLC)sn 83030511</subfield></datafield><datafield ind1="1" ind2=" " tag="029"><subfield code="a">AU@</subfield><subfield code="b">000025825731</subfield></datafield></record>